@article{Farmer2021,
    author = {Farmer, N. and Cotter, E. W.},
    title = {Well-Being and Cooking Behavior: Using the Positive Emotion, Engagement, Relationships, Meaning, and Accomplishment (PERMA) Model as a Theoretical Framework},
    journal = {Frontiers in Psychology},
    volume = {12},
    pages = {560578},
    year = {2021},
    doi = {10.3389/fpsyg.2021.560578},
    url = {https://doi.org/10.3389/fpsyg.2021.560578}
}

@article{Lavelle2016,
    author = {Lavelle, F. and McGowan, L. and Spence, M. and Caraher, M. and Raats, M. and Hollywood, L. and McDowell, D. and Price, S. and Dean, M.},
    title = {Barriers and Facilitators to Cooking from “Scratch” Using Basic or Raw Ingredients: A Qualitative Interview Study},
    journal = {Appetite},
    volume = {107},
    pages = {383--391},
    year = {2016},
    doi = {10.1016/j.appet.2016.08.115},
    url = {https://doi.org/10.1016/j.appet.2016.08.115}
}

@article{Taillie2018,
    author = {Taillie, L. S.},
    title = {Who’s Cooking? Trends in US Home Food Preparation by Gender, Education, and Race/Ethnicity from 2003 to 2016},
    journal = {Nutrition Journal},
    volume = {17},
    number = {41},
    year = {2018},
    doi = {10.1186/s12937-018-0347-9},
    url = {https://doi.org/10.1186/s12937-018-0347-9}
}

@article{Rimel2023,
    author = {Rimel, S. E. and Bam, D. and Farren, L. and Thaanum, A. and Smith, A. and Park, S. Y. and Boeldt, D. L. and Nicksic Sigmon, C. A.},
    title = {Technology Use During the COVID-19 Pandemic and the Ways in Which Technology Can Support Adolescent Well-being: Qualitative Exploratory Study},
    journal = {JMIR Formative Research},
    volume = {7},
    pages = {e41694},
    year = {2023},
    doi = {10.2196/41694},
    url = {https://doi.org/10.2196/41694}
}

@misc{Yummly,
    author = {Yummly, Inc.},
    title = {Yummly: Personalized Recipe Recommendations},
    year = {2024},
    note = {Last Accessed 13 December, 2024},
    url = {https://www.yummly.com/}
}

@misc{Mealime,
    author = {Mealime Meal Planning App},
    title = {Mealime: Simplified Meal Planning and Recipes},
    year = {2024},
    note = {Last Accessed 13 December, 2024},
    url = {https://www.mealime.com/}
}

@misc{Tasty,
    author = {Tasty by Buzzfeed},
    title = {Tasty: Engaging Cooking Tutorials and Recipes},
    year = {2024},
    note = {Last Accessed 13 December, 2024},
    url = {https://tasty.co/}
}
@article{Bafna2022,
    author = {Sumangla A. Bafna and Pratiksha D. Dutonde and Shivani S. Mamidwar and Monali S. Korvate and Dhiraj Shirbhare},
    title = {Review on Study and Usage of MERN Stack for Web Development},
    journal = {International Journal for Research in Applied Science \& Engineering Technology},
    volume = {10},
    number = {5},
    pages = {1234--1240},
    year = {2022},
    doi = {10.22214/ijraset.2022.40209},
    url = {https://doi.org/10.22214/ijrasetuu.2022.40209}
}

@article{IJCRT2023,
    author = {International Journal of Creative Research Thoughts},
    title = {Comprehensive Analysis of Web Application Development using MERN Stack},
    journal = {International Journal of Creative Research Thoughts},
    volume = {11},
    number = {7},
    pages = {133--140},
    year = {2023},
    url = {https://ijcrt.org/papers/IJCRT2307133.pdf}
}

